@article{Featherstone_2009,
  doi = {10.1088/0004-637x/705/1/1000},
  url = {http://dx.doi.org/10.1088/0004-637x/705/1/1000},
  year = {2009},
  month = {oct},
  publisher = {{IOP} Publishing},
  volume = {705},
  number = {1},
  pages = {1000--1018},
  author = {Nicholas A. Featherstone and Matthew K. Browning and Allan Sacha Brun and Juri Toomre},
  title = {{{EFFECTS} {OF} {FOSSIL} {MAGNETIC} {FIELDS} {ON} {CONVECTIVE} {CORE} {DYNAMOS} {IN} A-{TYPE} {STARS}}},
  journal = {{ApJ}},
}
